@article{KELCHNER1998,
title = {Dislocation nucleation and defect structure during surface indentation},
journal = {Physical Review B - Condensed Matter and Materials Physics},
volume = 58,
pages = {11085 - 11088},
year = 1998,
issn = {1550235X},
doi = {10.1103/PHYSREVB.58.11085},
author = {Kelchner, Cynthia L. and Plimpton, S. and Hamilton, J. C.}
}

@article{OLIVER1992,
title = {An improved technique for determining hardness and elastic modulus using load and displacement sensing indentation experiments},
journal = {Journal of Materials Research 1992 7:6},
volume = 7,
pages = {1564 - 1583},
year = 1992,
issn = {0884-2914},
doi = {10.1557/JMR.1992.1564},
author = {Oliver, W.C. and Pharr, G.M.}
}

@article{GANE1974,
title = {Adhesion between clean surfaces at light loads},
journal = {Proceedings of the Royal Society of London. A. Mathematical and Physical Sciences},
volume = 340,
pages = {495 - 517},
year = 1974,
issn = {0080-4630},
doi = {10.1098/rspa.1974.0167},
author = {Gane, N. and  Pfaelzer, P. F. and Tabor, D.}
}

@article{BEAKE2002,
title = {High-temperature nanoindentation testing of fused silica and other materials},
journal = {Philosophical Magazine A},
volume = 82,
pages = {2179 -  2186},
year = 2002,
issn = {0141-8610},
doi = {10.1080/01418610208235727},
author = {Beake, Ben D. and Smith, James F.}
}

@article{DIETIKER2008,
title = {Nanoindentation of single-crystalline gold thin films: {C}orrelating hardness and the onset of plasticity},
journal = {Acta Materialia},
volume = 56,
pages = {3887 - 3899},
year = 2008,
issn = {1359-6454},
doi = {10.1016/J.ACTAMAT.2008.04.032},
author = {Dietiker, Marianne and Nyilas, Ralph D. and Solenthaler, Christian and Spolenak, Ralph}
}

@article{JKR,
title = {Surface energy and the contact of elastic solids},
journal = {Proceedings of the Royal Society of London. A. Mathematical and Physical Sciences},
volume = 324,
pages = {301 - 313},
year = 1971,
issn = {0080-4630},
doi = {10.1098/rspa.1971.0141},
author = {Johnson, Kenneth Langstreth and Kendall, Kevin and Roberts, A. D.}
}

@inbook{HERTZ,
author = {Hertz, Heinrich},
year = 1896,
title = {On the contact of elastic solids},
journal = {Miscellaneous Papers},
}

@misc{PY,
author={{P}ython {S}oftware {F}oundation},
year=2022,
title={The {P}ython {S}oftware {F}oundation is an organization devoted to advancing open source technology related to the {P}ython programming language},
url={https://www.python.org/}
}

@misc{jorge1,
  author = {J. Torres},
  title = {Proyecto {I}ntegrador},
  journal = {Repositorio, GitHub},
  year = 2022,
  url = {https://github.com/FeroxDeitas/Simulacion-Nano/tree/main/Tareas/Proyecto\%20Integrador}
}
