@article{elisa1,
  author = {E. Schaeffer},
  title = {CellularAutomata},
  journal = {Repositorio, GitHub},
  year = 2020,
  url = {https://github.com/satuelisa/Simulation/tree/master/CellularAutomata}
}
